<record><leader>00000cas a2200000 a 4500</leader><controlfield tag="001">11332483</controlfield><controlfield tag="008">841031d18671910iluwr ne      0   a0eng c</controlfield><datafield ind1=" " ind2=" " tag="010"><subfield code="a">sn 84038536 </subfield></datafield><datafield ind1=" " ind2=" " tag="040"><subfield code="a">NPX</subfield><subfield code="b">eng</subfield><subfield code="c">NPX</subfield><subfield code="d">DLC</subfield><subfield code="d">NPU</subfield><subfield code="d">NPV</subfield><subfield code="d">NVF</subfield><subfield code="d">CVF</subfield><subfield code="d">NVF</subfield><subfield code="d">OCLCQ</subfield><subfield code="d">OCLCF</subfield><subfield code="d">NVF</subfield><subfield code="d">OCLCO</subfield></datafield><datafield ind1="1" ind2=" " tag="029"><subfield code="a">AU@</subfield><subfield code="b">000020382448</subfield></datafield><datafield ind1=" " ind2=" " tag="042"><subfield code="a">pcc</subfield></datafield><datafield ind1=" " ind2=" " tag="043"><subfield code="a">n-us-il</subfield></datafield><datafield ind1="0" ind2=" " tag="130"><subfield code="a">Lena star (Lena, Ill. : 1867)</subfield></datafield><datafield ind1="1" ind2="0" tag="245"><subfield code="a">Lena star.</subfield></datafield><datafield ind1=" " ind2=" " tag="260"><subfield code="a">Lena, Ill. :</subfield><subfield code="b">Gishwiller &amp; Dodds,</subfield><subfield code="c">1867-1910.</subfield></datafield><datafield ind1="3" ind2=" " tag="260"><subfield code="3">&lt;Oct. 5, 1877&gt;</subfield><subfield code="a">Lena, Ill. :</subfield><subfield code="b">James S. McCall</subfield></datafield><datafield ind1=" " ind2=" " tag="300"><subfield code="a">v.</subfield></datafield><datafield ind1=" " ind2=" " tag="310"><subfield code="a">Weekly,</subfield><subfield code="b">May 13, 1909-June 2, 1910</subfield></datafield><datafield ind1=" " ind2=" " tag="321"><subfield code="a">Weekly,</subfield><subfield code="b">Jan. 4, 1867-Oct. 29, 1908</subfield></datafield><datafield ind1=" " ind2=" " tag="321"><subfield code="a">Semiweekly,</subfield><subfield code="b">Nov. 3, 1908-May 7, 1909</subfield></datafield><datafield ind1="0" ind2=" " tag="362"><subfield code="a">Vol. 1, no. 1 (Jan. 4, 1867)-v. 43, no. 22 (June 2, 1910).</subfield></datafield><datafield ind1=" " ind2=" " tag="515"><subfield code="a">Suspended Jan. 15-22, 1869.</subfield></datafield><datafield ind1=" " ind2=" " tag="580"><subfield code="a">Daily eds.: Lena daily star (Lena, Ill. : 1877), 1877, and: Lena daily star (Lena, Ill. : 1879), 1879-&lt;&gt;, and: Daily star and Freeport District camp meeting herald, 1887, and: Camp meeting herald, 1887, and: Daily star (Lena, Ill.), 1898.</subfield></datafield><datafield ind1=" " ind2="0" tag="651"><subfield code="a">Lena (Ill.)</subfield><subfield code="v">Newspapers.</subfield></datafield><datafield ind1=" " ind2="7" tag="651"><subfield code="a">Illinois</subfield><subfield code="z">Lena.</subfield><subfield code="2">fast</subfield><subfield code="0">(OCoLC)fst01235410</subfield></datafield><datafield ind1=" " ind2="7" tag="655"><subfield code="a">Newspapers.</subfield><subfield code="2">fast</subfield><subfield code="0">(OCoLC)fst01423814</subfield></datafield><datafield ind1=" " ind2=" " tag="752"><subfield code="a">United States</subfield><subfield code="b">Illinois</subfield><subfield code="c">Stephenson</subfield><subfield code="d">Lena.</subfield></datafield><datafield ind1="1" ind2=" " tag="775"><subfield code="t">Lena daily star (Lena, Ill. : 1877)</subfield><subfield code="w">(DLC)sn 94060568</subfield><subfield code="w">(OCoLC)31129960</subfield></datafield><datafield ind1="1" ind2=" " tag="775"><subfield code="t">Lena daily star (Lena, Ill. : 1879)</subfield><subfield code="w">(DLC)sn 87082277</subfield><subfield code="w">(OCoLC)15248867</subfield></datafield><datafield ind1="1" ind2=" " tag="775"><subfield code="t">Daily star and Freeport District camp meeting herald</subfield><subfield code="w">(DLC)sn 94060569</subfield><subfield code="w">(OCoLC)31129989</subfield></datafield><datafield ind1="1" ind2=" " tag="775"><subfield code="t">Camp meeting herald</subfield><subfield code="w">(DLC)sn 94060570</subfield><subfield code="w">(OCoLC)31130031</subfield></datafield><datafield ind1="1" ind2=" " tag="775"><subfield code="t">Daily star (Lena, Ill.)</subfield><subfield code="w">(DLC)sn 94060571</subfield><subfield code="w">(OCoLC)31130047</subfield></datafield><datafield ind1="0" ind2="0" tag="785"><subfield code="t">Lena weekly star</subfield><subfield code="w">(DLC)sn 93056110</subfield><subfield code="w">(OCoLC)29241499</subfield></datafield></record>